@article{Author_Year_Title,
	author = {Author},
	journal = {Journal},
	month = jun,
	number = {1},
	pages = {1-2},
	publisher = {Publisher},
	title = {{Title}},
	volume = {1},
	year = {1000}
}
@misc{ wiki:xxx,
    author = "Wikipedia",
    title = "Ethereum --- Wikipedia{,} The Free Encyclopedia",
    year = "2017",
    url = "https://en.wikipedia.org/w/index.php?title=Ethereum&oldid=799695400",
    note = "[Online; accessed 
9-September-2017
]"
  }
