@misc{ wiki:001,
    author = "{Wikipedia contributors}",
    title = "Blockchain --- {Wikipedia}{,} The Free Encyclopedia",
    year = "2018",
    howpublished = "\url{https://en.wikipedia.org/w/index.php?title=Blockchain&oldid=855030838}",
    note = "[Online; accessed 17-August-2018]"
  }

@book{satoshi, title={Bitcoin: A peer-to-peer electronic cash system}, journal={Bitcoin: A peer-to-peer electronic cash system}, author={Satoshi}}
@ONLINE{paper:001,
    author = {Satoshi Nakamoto},
    title = {Bitcoin: A peer-to-peer electronic cash system},   
    year = {2008},
    howpublished = "\url{https://bitcoin.org/bitcoin.pdf}"
}

@misc{Airbus:ADS,
    author = "{Airbus}",
    title = "Airbus Supply chain",
    year = "2018",
    note = "[Online; accessed August 21, 2018]",
    howpublished = "\url{https://www.adsgroup.org.uk/wp-content/uploads/sites/21/2016/02/Integrated-Supply-Chains.png}"
}
@misc{ wiki:002,
    author = "{Wikipedia contributors}",
    title = "Directed acyclic graph --- {Wikipedia}{,} The Free Encyclopedia",
    year = "2018",
    howpublished = "\url{https://en.wikipedia.org/w/index.php?title=Directed_acyclic_graph&oldid=846566257}",
    note = "[Online; accessed 22-August-2018]"
  }
 @misc{ wiki:003,
   author = "Wikipedia",
   title = "IOTA (Kryptowährung) --- Wikipedia{,} Die freie Enzyklopädie",
   year = "2018",
   url = "\url{https://de.wikipedia.org/w/index.php?title=IOTA_(Kryptow%C3%A4hrung)&oldid=180192187}",
   note = "[Online; Stand 22. August 2018]"
 }
 @misc{ wiki:004,
    author = "{Wikipedia contributors}",
    title = "Public-key cryptography --- {Wikipedia}{,} The Free Encyclopedia",
    year = "2018",
    howpublished = "\url{https://en.wikipedia.org/w/index.php?title=Public-key_cryptography&oldid=853882522}",
    note = "[Online; accessed 22-August-2018]"
  }
@misc{dang_2015,
    author = "{Quynh H. Dang}",
    title = "{Secure Hash Standard}, {National Institute of Standards and Technology}, ({NIST FIPS}) - 180-4",
    year = "2015",
    note = "[Online; accessed August 21, 2018]",
    howpublished = "\url{https://dx.doi.org/10.6028/NIST.FIPS.180-4}"
}
@misc{andy_mb,
    author = "{Andreas M. Antonopoulos}",
    title = "{Mastering Bitcoin}",
    year = "2014",
    note = "[Online; accessed August 23, 2018]",
    howpublished = "\url{https://github.com/bitcoinbook/bitcoinbook}"
}

@misc{medium:001,
    author = "{Jimi S.}",
    title = "{Blockchain: how mining works and transactions are processed on the blockchain in seven steps}",
    year = "2018",
    note = "[Online; accessed August 23, 2018]",
    howpublished = "\url{https://medium.com/coinmonks/how-a-miner-adds-transactions-to-the-blockchain-in-seven-steps-856053271476}"
}
@misc{bitwiki:005,
    author = "{Bitcoin wiki contributors}",
    title = "Proof of Stake --- {Bitcoin wiki}",
    year = "2012",
    howpublished = "\url{https://en.bitcoin.it/wiki/Proof_of_Stake}",
    note = "[Online; accessed 25-August-2018]"
  }
@misc{ethwiki:006,
    author = "{Ethereum wiki Contributors}",
    title = "Proof of Stake FAQs --- {Ethereum wiki}",
    year = "2018",
    howpublished = "\url{https://github.com/ethereum/wiki/wiki/Proof-of-Stake-FAQs}",
    note = "[Online; accessed 25-August-2018]"
  }
@misc{medium:002,
    author = "{Max Thake}",
    title = "{What is Proof of Stake?}",
    year = "2018",
    note = "[Online; accessed August 25, 2018]",
    howpublished = "\url{https://medium.com/nakamo-to/what-is-proof-of-stake-pos-479a04581f3a}"
}
@misc{misc:001,
    author = "{Shaan Ray}",
    title = "{What is Proof of Stake?}",
    year = "2017",
    note = "[Online; accessed August 25, 2018]",
    howpublished = "\url{https://hackernoon.com/what-is-proof-of-stake-8e0433018256}"
}
@misc{ wiki:007,
    author = "{Wikipedia contributors}",
    title = "Microtransaction --- {Wikipedia}{,} The Free Encyclopedia",
    year = "2018",
    howpublished = "\url{https://en.wikipedia.org/w/index.php?title=Microtransaction&oldid=852232329}",
    note = "[Online; accessed 25-August-2018]"
  }
 @misc{medium:003,
    author = "{Fred Ehrsam}",
    title = "{Scaling Ethereum to Billions of Users}",
    year = "2017",
    note = "[Online; accessed August 25, 2018]",
    howpublished = "\url{https://medium.com/@FEhrsam/scaling-ethereum-to-billions-of-users-f37d9f487db1}"
}
@ONLINE{fig:001,
    author = {Blockchain.info},
    title = {Median Confirmation Time},   
    year = {2018},
    howpublished = "\url{https://www.blockchain.com/charts/median-confirmation-time?timespan=all}"
}
@ONLINE{paper:002,
    author = {Joseph Poon,Thaddeus Dryja},
    title = {The Bitcoin Lightning Network:
Scalable Of-Chain Instant Payments},   
    year = {2016},
    howpublished = "\url{https://lightning.network/lightning-network-paper.pdf}"
}
@misc{bitwiki:006,
    author = "{Bitcoin wiki contributors}",
    title = "Payment channels --- {Bitcoin wiki}",
    year = "2016",
    howpublished = "\url{https://en.bitcoin.it/wiki/Payment_channels}",
    note = "[Online; accessed 25-August-2018]"
  }
@misc{misc:002,
    author = "{Ahmed Banafa}",
    title = "{A Secure Model of IoT with Blockchain}",
    year = "2016",
    note = "[Online; accessed August 26, 2018]",
    howpublished = "\url{https://www.bbvaopenmind.com/en/a-secure-model-of-iot-with-blockchain/}"
}

@misc{misc:004,
    author = "{Ben Dickson}",
    title = "{Decentralizing IoT networks through blockchain}",
    year = "2016",
    note = "[Online; accessed August 26, 2018]",
    howpublished = "\url{https://techcrunch.com/2016/06/28/decentralizing-iot-networks-through-blockchain/}"
}
@misc{misc:005,
    author = "{Pureswaran, Nair, Brody, IBM}",
    title = "{Empowering the edge
Practical insights on a decentralized Internet of Things}",
    year = "2016",
    note = "[Online; accessed August 26, 2018]",
    howpublished = "\url{https://www-935.ibm.com/services/multimedia/GBE03662USEN.pdf/}"
}
@misc{misc:006,
    author = "{Filament Foundation}",
    title = "{Distributed Exchange and the Internet of Things}",
    year = "2016",
    note = "[Online; accessed August 26, 2018]",
    howpublished = "\url{https://filament.com/assets/downloads/Filament%20Foundations.pdf}"
}
@misc{misc:007,
    author = "{Filament Foundation}",
    title = "{Distributed Exchange and the Internet of Things}",
    year = "2016",
    note = "[Online; accessed August 26, 2018]",
    howpublished = "\url{https://filament.com/assets/downloads/Filament%20Security.pdf}"
}
@misc{misc:008,
    author = "{IBM IoT blog}",
    title = "{Apply IoT and blockchain for accountability and security}",
    year = "2016",
    note = "[Online; accessed August 26, 2018]",
    howpublished = "\url{https://www.ibm.com/internet-of-things/spotlight/blockchain}"
}
@misc{misc:009,
    author = "{Patrick Kingsley}",
    title = "{Financial crisis: timeline}",
    year = "2012",
    note = "[Online; accessed August 26, 2018]",
    howpublished = "\url{https://www.theguardian.com/business/2012/aug/07/credit-crunch-boom-bust-timeline}"
}
@misc{medium:006,
    author = "{GoChainGo}",
    title = "{Why Scaling Public Blockchains Is a Lot Harder than just Increasing Block Size}",
    year = "2017",
    note = "[Online; accessed August 25, 2018]",
    howpublished = "\url{https://medium.com/gochain/why-scaling-public-blockchains-is-a-lot-harder-than-just-increasing-block-size-5c5e7ed53c38}"
}
@misc{misc:010,
    author = "{Wilma Woo}",
    title = "{CRYPTOCURRENCY IS HALF A TRILLION}",
    year = "2012",
    note = "[Online; accessed August 26, 2018]",
    howpublished = "\url{https://bitcoinist.com/cryptocurrency-half-trillion-joint-market-cap-hits-500-billion/}"
}
@online{misc:011,
    author = "{Lightning Network}",
    title = "{Lightning Network
 Scalable, Instant Bitcoin/Blockchain Transactions}",
    year = "2015",
    note = "[Online; accessed August 25, 2018]",
    howpublished = "\url{https://lightning.network/}"
}
@online{misc:012,
    author = "{Jeff Coleman}",
    title = "{State Channels}",
    year = "2015",
    note = "[Online; accessed August 25, 2018]",
    howpublished = "\url{https://www.jeffcoleman.ca/state-channels/}"
}
@online{misc:013,
    author = "{RICHARD GENDAL BROWN}",
    title = "{A SIMPLE EXPLANATION OF BITCOIN “SIDECHAINS”}",
    year = "2014",
    note = "[Online; accessed August 25, 2018]",
    howpublished = "\url{https://gendal.me/2014/10/26/a-simple-explanation-of-bitcoin-sidechains/}"
}
@online{paper:004,
    author = "{Adam Back, Matt Corallo, Luke Dashjr,
Mark Friedenbach, Gregory Maxwell,
Andrew Miller, Andrew Poelstra,
Jorge Timón, and Pieter Wuille}",
    title = "{Enabling Blockchain Innovations with Pegged Sidechains}",
    year = "2014",
    note = "[Online; accessed August 25, 2018]",
    howpublished = "\url{https://blockstream.com/sidechains.pdf}"
}
@online{paper:005,
    author = "{Sergio Demian Lerner}",
    title = "{RSK White Paper}",
    year = "2015",
    note = "[Online; accessed August 25, 2018]",
    howpublished = "\url{https://docs.rsk.co/RSK_White_Paper-Overview.pdf}"
}
@online{misc:014,
    author = "{IBMBlockchain}",
    title = "{Securing the diamond trade with blockchain}",
    year = "2017",
    note = "[Online; accessed August 25, 2018]",
    howpublished = "\url{https://www.youtube.com/watch?v=hHkc-DH0ep4}"
}
@online{misc:015,
    author = "{Skuchain}",
    title = "{SkuChain Products}",
    year = "2017",
    note = "[Online; accessed August 25, 2018]",
    howpublished = "\url{http://www.skuchain.com/#products}"
}
@online{paper:006,
    author = "{Benjamin Herzberg}",
    title = "{Blockchain: the solution for transparency in product supply chains}",
    year = "2015",
    note = "[Online; accessed August 25, 2018]",
    howpublished = "\url{https://www.provenance.org/whitepaper}"
}
@online{misc:016,
    title = "{How Blockchain Tech Is Changing Cloud Storage}",
    year = "2017",
    note = "[Online; accessed August 25, 2018]",
    howpublished = "\url{https://www.belugacdn.com/blog/162663814938-how-blockchain-tech-is-changing-cloud-storage}"
}
@online{paper:007,
    author = "{Protocol Labs}",
    title = "{Filecoin: A Decentralized Storage Network}",
    year = "2017",
    note = "[Online; accessed August 25, 2018]",
    howpublished = "\url{https://filecoin.io/filecoin.pdf}"
}
@online{paper:008,
    author = "{Shen Noether, Sarang Noether, Monero Research Lab}",
    title = "{Monero is Not That Mysterious}",
    year = "2014",
    note = "[Online; accessed August 25, 2018]",
    howpublished = "\url{https://lab.getmonero.org/pubs/MRL-0003.pdf}"
}
@online{misc:017,
	author = "{Blockchain Hub}",
    title = "{Blockchains and Distributed Ledger Technologies}",
    year = "2016",
    note = "[Online; accessed August 25, 2018]",
    howpublished = "\url{https://blockchainhub.net/blockchains-and-distributed-ledger-technologies-in-general/}"
}
@online{misc:018,
	author = "{Agira Tech}",
    title = "{3 Types of Blockchain You Need To Know}",
    year = "2016",
    note = "[Online; accessed August 25, 2018]",
    howpublished = "\url{http://www.agiratech.com/3-types-of-blockchain-you-need-to-know/}"
}
@online{misc:019,
	author = "{Christian Lundkvist}",
    title = "{Introduction to zk-SNARKs with examples}",
    year = "2017",
    note = "[Online; accessed August 25, 2018]",
    howpublished = "\url{https://media.consensys.net/introduction-to-zksnarks-with-examples-3283b554fc3b}"
}