@misc{ wiki:001,
    author = "{Wikipedia contributors}",
    title = "Blockchain --- {Wikipedia}{,} The Free Encyclopedia",
    year = "2018",
    howpublished = "\url{https://en.wikipedia.org/w/index.php?title=Blockchain&oldid=855030838}",
    note = "[Online; accessed 17-August-2018]"
  }

@book{satoshi, title={Bitcoin: A peer-to-peer electronic cash system}, journal={Bitcoin: A peer-to-peer electronic cash system}, author={Satoshi}}
@ONLINE{paper:001,
    author = {Satoshi Nakamoto},
    title = {Bitcoin: A peer-to-peer electronic cash system},   
    year = {2008},
    howpublished = "\url{https://bitcoin.org/bitcoin.pdf}"
}

@misc{Airbus:ADS,
    author = "{Airbus}",
    title = "Airbus Supply chain",
    year = "2018",
    note = "[Online; accessed August 21, 2018]",
    howpublished = "\url{https://www.adsgroup.org.uk/wp-content/uploads/sites/21/2016/02/Integrated-Supply-Chains.png}"
}
@misc{ wiki:002,
    author = "{Wikipedia contributors}",
    title = "Directed acyclic graph --- {Wikipedia}{,} The Free Encyclopedia",
    year = "2018",
    howpublished = "\url{https://en.wikipedia.org/w/index.php?title=Directed_acyclic_graph&oldid=846566257}",
    note = "[Online; accessed 22-August-2018]"
  }
 @misc{ wiki:003,
   author = "Wikipedia",
   title = "IOTA (Kryptowährung) --- Wikipedia{,} Die freie Enzyklopädie",
   year = "2018",
   url = "\url{https://de.wikipedia.org/w/index.php?title=IOTA_(Kryptow%C3%A4hrung)&oldid=180192187}",
   note = "[Online; Stand 22. August 2018]"
 }
 @misc{ wiki:004,
    author = "{Wikipedia contributors}",
    title = "Public-key cryptography --- {Wikipedia}{,} The Free Encyclopedia",
    year = "2018",
    howpublished = "\url{https://en.wikipedia.org/w/index.php?title=Public-key_cryptography&oldid=853882522}",
    note = "[Online; accessed 22-August-2018]"
  }
@misc{dang_2015,
    author = "{Quynh H. Dang}",
    title = "{Secure Hash Standard}, {National Institute of Standards and Technology}, ({NIST FIPS}) - 180-4",
    year = "2015",
    note = "[Online; accessed August 21, 2018]",
    howpublished = "\url{https://dx.doi.org/10.6028/NIST.FIPS.180-4}"
}
@misc{andy_mb,
    author = "{Andreas M. Antonopoulos}",
    title = "{Mastering Bitcoin}",
    year = "2014",
    note = "[Online; accessed August 23, 2018]",
    howpublished = "\url{https://github.com/bitcoinbook/bitcoinbook}"
}

@misc{medium:001,
    author = "{Jimi S.}",
    title = "{Blockchain: how mining works and transactions are processed on the blockchain in seven steps}",
    year = "2018",
    note = "[Online; accessed August 23, 2018]",
    howpublished = "\url{https://medium.com/coinmonks/how-a-miner-adds-transactions-to-the-blockchain-in-seven-steps-856053271476}"
}
@misc{bitwiki:005,
    author = "{Bitcoin wiki contributors}",
    title = "Proof of Stake --- {Bitcoin wiki}",
    year = "2012",
    howpublished = "\url{https://en.bitcoin.it/wiki/Proof_of_Stake}",
    note = "[Online; accessed 25-August-2018]"
  }
@misc{ethwiki:006,
    author = "{Ethereum wiki Contributors}",
    title = "Proof of Stake FAQs --- {Ethereum wiki}",
    year = "2018",
    howpublished = "\url{https://github.com/ethereum/wiki/wiki/Proof-of-Stake-FAQs}",
    note = "[Online; accessed 25-August-2018]"
  }
@misc{medium:002,
    author = "{Max Thake}",
    title = "{What is Proof of Stake?}",
    year = "2018",
    note = "[Online; accessed August 25, 2018]",
    howpublished = "\url{https://medium.com/nakamo-to/what-is-proof-of-stake-pos-479a04581f3a}"
}
@misc{misc:001,
    author = "{Shaan Ray}",
    title = "{What is Proof of Stake?}",
    year = "2017",
    note = "[Online; accessed August 25, 2018]",
    howpublished = "\url{https://hackernoon.com/what-is-proof-of-stake-8e0433018256}"
}
@misc{ wiki:007,
    author = "{Wikipedia contributors}",
    title = "Microtransaction --- {Wikipedia}{,} The Free Encyclopedia",
    year = "2018",
    howpublished = "\url{https://en.wikipedia.org/w/index.php?title=Microtransaction&oldid=852232329}",
    note = "[Online; accessed 25-August-2018]"
  }
 @misc{medium:003,
    author = "{Fred Ehrsam}",
    title = "{Scaling Ethereum to Billions of Users}",
    year = "2017",
    note = "[Online; accessed August 25, 2018]",
    howpublished = "\url{https://medium.com/@FEhrsam/scaling-ethereum-to-billions-of-users-f37d9f487db1}"
}
@ONLINE{fig:001,
    author = {Blockchain.info},
    title = {Median Confirmation Time},   
    year = {2018},
    howpublished = "\url{https://www.blockchain.com/charts/median-confirmation-time?timespan=all}"
}
@ONLINE{paper:002,
    author = {Joseph Poon,Thaddeus Dryja},
    title = {The Bitcoin Lightning Network:
Scalable Of-Chain Instant Payments},   
    year = {2016},
    howpublished = "\url{https://lightning.network/lightning-network-paper.pdf}"
}
@misc{bitwiki:006,
    author = "{Bitcoin wiki contributors}",
    title = "Payment channels --- {Bitcoin wiki}",
    year = "2016",
    howpublished = "\url{https://en.bitcoin.it/wiki/Payment_channels}",
    note = "[Online; accessed 25-August-2018]"
  }
@misc{misc:002,
    author = "{Ahmed Banafa}",
    title = "{A Secure Model of IoT with Blockchain}",
    year = "2016",
    note = "[Online; accessed August 26, 2018]",
    howpublished = "\url{https://www.bbvaopenmind.com/en/a-secure-model-of-iot-with-blockchain/}"
}

@misc{misc:004,
    author = "{Ben Dickson}",
    title = "{Decentralizing IoT networks through blockchain}",
    year = "2016",
    note = "[Online; accessed August 26, 2018]",
    howpublished = "\url{https://techcrunch.com/2016/06/28/decentralizing-iot-networks-through-blockchain/}"
}
@misc{misc:005,
    author = "{Pureswaran, Nair, Brody, IBM}",
    title = "{Empowering the edge
Practical insights on a decentralized Internet of Things}",
    year = "2016",
    note = "[Online; accessed August 26, 2018]",
    howpublished = "\url{https://www-935.ibm.com/services/multimedia/GBE03662USEN.pdf/}"
}
@misc{misc:006,
    author = "{Filament Foundation}",
    title = "{Distributed Exchange and the Internet of Things}",
    year = "2016",
    note = "[Online; accessed August 26, 2018]",
    howpublished = "\url{https://filament.com/assets/downloads/Filament%20Foundations.pdf}"
}
@misc{misc:007,
    author = "{Filament Foundation}",
    title = "{Distributed Exchange and the Internet of Things}",
    year = "2016",
    note = "[Online; accessed August 26, 2018]",
    howpublished = "\url{https://filament.com/assets/downloads/Filament%20Security.pdf}"
}
@misc{misc:008,
    author = "{IBM IoT blog}",
    title = "{Apply IoT and blockchain for accountability and security}",
    year = "2016",
    note = "[Online; accessed August 26, 2018]",
    howpublished = "\url{https://www.ibm.com/internet-of-things/spotlight/blockchain}"
}
@misc{misc:009,
    author = "{Patrick Kingsley}",
    title = "{Financial crisis: timeline}",
    year = "2012",
    note = "[Online; accessed August 26, 2018]",
    howpublished = "\url{https://www.theguardian.com/business/2012/aug/07/credit-crunch-boom-bust-timeline}"
}
@misc{medium:006,
    author = "{GoChainGo}",
    title = "{Why Scaling Public Blockchains Is a Lot Harder than just Increasing Block Size}",
    year = "2017",
    note = "[Online; accessed August 25, 2018]",
    howpublished = "\url{https://medium.com/gochain/why-scaling-public-blockchains-is-a-lot-harder-than-just-increasing-block-size-5c5e7ed53c38}"
}
@misc{misc:010,
    author = "{Wilma Woo}",
    title = "{CRYPTOCURRENCY IS HALF A TRILLION}",
    year = "2012",
    note = "[Online; accessed August 26, 2018]",
    howpublished = "\url{https://bitcoinist.com/cryptocurrency-half-trillion-joint-market-cap-hits-500-billion/}"
}
@online{misc:011,
    author = "{Lightning Network}",
    title = "{Lightning Network
 Scalable, Instant Bitcoin/Blockchain Transactions}",
    year = "2015",
    note = "[Online; accessed August 25, 2018]",
    howpublished = "\url{https://lightning.network/}"
}
@online{misc:012,
    author = "{Jeff Coleman,Liam Horne,Li Xuanji}",
    title = "{Counterfactual: Generalized State Channels}",
    year = "2018",
    note = "[Online; accessed August 25, 2018]",
    howpublished = "\url{https://l4.ventures/papers/statechannels.pdf}"
}
@online{misc:013,
    author = "{RICHARD GENDAL BROWN}",
    title = "{A SIMPLE EXPLANATION OF BITCOIN “SIDECHAINS”}",
    year = "2014",
    note = "[Online; accessed August 25, 2018]",
    howpublished = "\url{https://gendal.me/2014/10/26/a-simple-explanation-of-bitcoin-sidechains/}"
}
@online{paper:004,
    author = "{Adam Back, Matt Corallo, Luke Dashjr,
Mark Friedenbach, Gregory Maxwell,
Andrew Miller, Andrew Poelstra,
Jorge Timón, and Pieter Wuille}",
    title = "{Enabling Blockchain Innovations with Pegged Sidechains}",
    year = "2014",
    note = "[Online; accessed August 25, 2018]",
    howpublished = "\url{https://blockstream.com/sidechains.pdf}"
}
@online{paper:005,
    author = "{Sergio Demian Lerner}",
    title = "{RSK White Paper}",
    year = "2015",
    note = "[Online; accessed August 25, 2018]",
    howpublished = "\url{https://docs.rsk.co/RSK_White_Paper-Overview.pdf}"
}
@online{misc:014,
    author = "{IBMBlockchain}",
    title = "{Securing the diamond trade with blockchain}",
    year = "2017",
    note = "[Online; accessed August 25, 2018]",
    howpublished = "\url{https://www.youtube.com/watch?v=hHkc-DH0ep4}"
}
@online{misc:015,
    author = "{Skuchain}",
    title = "{SkuChain Products}",
    year = "2017",
    note = "[Online; accessed August 25, 2018]",
    howpublished = "\url{http://www.skuchain.com/#products}"
}
@online{paper:006,
    author = "{Benjamin Herzberg}",
    title = "{Blockchain: the solution for transparency in product supply chains}",
    year = "2015",
    note = "[Online; accessed August 25, 2018]",
    howpublished = "\url{https://www.provenance.org/whitepaper}"
}
@online{misc:016,
    title = "{How Blockchain Tech Is Changing Cloud Storage}",
    year = "2017",
    note = "[Online; accessed August 25, 2018]",
    howpublished = "\url{https://www.belugacdn.com/blog/162663814938-how-blockchain-tech-is-changing-cloud-storage}"
}
@online{paper:007,
    author = "{Protocol Labs}",
    title = "{Filecoin: A Decentralized Storage Network}",
    year = "2017",
    note = "[Online; accessed August 25, 2018]",
    howpublished = "\url{https://filecoin.io/filecoin.pdf}"
}
@online{paper:008,
    author = "{Shen Noether, Sarang Noether, Monero Research Lab}",
    title = "{Monero is Not That Mysterious}",
    year = "2014",
    note = "[Online; accessed August 25, 2018]",
    howpublished = "\url{https://lab.getmonero.org/pubs/MRL-0003.pdf}"
}
@online{misc:017,
	author = "{Blockchain Hub}",
    title = "{Blockchains and Distributed Ledger Technologies}",
    year = "2016",
    note = "[Online; accessed August 25, 2018]",
    howpublished = "\url{https://blockchainhub.net/blockchains-and-distributed-ledger-technologies-in-general/}"
}
@online{arXiv:1806.03693,
	author = "{Karim Sultan,Umar Ruhi,Rubina Lakhani}",
    title = "{CONCEPTUALIZING BLOCKCHAINS:CHARACTERISTICS \& APPLICATIONS}",
    year = "2018",
    note = "[Online; accessed August 25, 2018]",
    howpublished = "\url{https://arxiv.org/pdf/1806.03693}"
}
@online{misc:019,
	author = "{Christian Lundkvist}",
    title = "{Introduction to zk-SNARKs with examples}",
    year = "2017",
    note = "[Online; accessed August 25, 2018]",
    howpublished = "\url{https://media.consensys.net/introduction-to-zksnarks-with-examples-3283b554fc3b}"
}
@online{misc:020,
	author = "{Nathan Reiff}",
    title = "{Forget Bitcoin: Blockchain is the Future}",
    year = "2018",
    note = "[Online; accessed August 25, 2018]",
    howpublished = "\url{https://www.investopedia.com/tech/forget-bitcoin-blockchain-future/}"
}
@online{misc:021,
	author = "{Bernard Marr}",
    title = "{Here Are 10 Industries Blockchain Is Likely To Disrupt}",
    year = "2018",
    note = "[Online; accessed August 25, 2018]",
    howpublished = "\url{https://www.forbes.com/sites/bernardmarr/2018/07/16/here-are-10-industries-blockchain-is-likely-to-disrupt/#20d06348b5a2}"
}
@online{misc:022,
	author = "{Jamie Redman}",
    title = "{Miami Bitcoin Conference Stops Accepting Bitcoin Due to Fees and Congestion}",
    year = "2018",
    note = "[Online; accessed August 25, 2018]",
    howpublished = "\url{https://news.bitcoin.com/miami-bitcoin-conference-stops-accepting-bitcoin-due-to-fees-and-congestion/}"
}
@misc{eth:001,
    author = "{Vitalek Buterin}",
    title = "A Next-Generation Smart Contract and Decentralized Application Platform",
    year = "2015",
    howpublished = "\url{https://github.com/ethereum/wiki/wiki/White-Paper}",
    note = "[Online; accessed 25-August-2018]"
  }
  @misc{misc:023,
    author = "{JP Buntinx}",
    title = "An Overview of the Ethereum Virtual Machine",
    year = "2015",
    howpublished = "\url{https://nulltx.com/what-is-the-ethereum-virtual-machine/}",
    note = "[Online; accessed 25-August-2018]"
  }
  @online{paper:009,
    author = "{Peter Frøystad, Jarle Holm}",
    title = "{Blockchain: Powering
the Internet of Value}",
	year = "2015",
    note = "[Online; accessed August 31, 2018]",
    howpublished = "\url{https://www.evry.com/globalassets/insight/bank2020/bank-2020---blockchain-powering-the-internet-of-value---whitepaper.pdf}"
}
 @online{misc:024,
    author = "{Blockgeeks}",
    title = "{Smart Contracts: The Blockchain Technology That Will Replace Lawyers}",
	year = "2016",
    note = "[Online; accessed August 31, 2018]",
    howpublished = "\url{https://blockgeeks.com/guides/smart-contracts/}"
}
 @online{misc:025,
    author = "{Vitalik Buterin}",
    title = "{Merkling in Ethereum}",
	year = "2015",
    note = "[Online; accessed August 31, 2018]",
    howpublished = "\url{https://blog.ethereum.org/2015/11/15/merkling-in-ethereum/}"
}
@misc{ethwiki:007,
    author = "{Ethereum wiki Contributors}",
    title = "Patricia Tree --- {Ethereum wiki}",
    year = "2017",
    howpublished = "\url{https://github.com/ethereum/wiki/wiki/Patricia-Tree}",
    note = "[Online; accessed 31-August-2018]"
  }
@misc{rad:001,
    author = "{Raiden Network Team}",
    title = "Raiden Network Documentation",
    year = "2017",
    howpublished = "\url{https://raiden-network.readthedocs.io/en/stable/index.html}",
    note = "[Online; accessed 31-August-2018]"
}
 @online{misc:026,
    author = "{Hudson Jameson}",
    title = "{Accounts, Transactions, Gas, and Block Gas Limits in Ethereum}",
	year = "2017",
    note = "[Online; accessed August 31, 2018]",
    howpublished = "\url{https://hudsonjameson.com/2017-06-27-accounts-transactions-gas-ethereum/}"
}
@misc{cryptoeprint:2018:320,
    author = {Stefan Dziembowski and Sebastian Faust and Kristina Hostáková},
    title = {General State Channel Networks},
    howpublished = {Cryptology ePrint Archive, Report 2018/320},
    year = {2018},
    note = {\url{https://eprint.iacr.org/2018/320}},
}
@misc{cryptoeprint:2017:635,
    author = {Stefan Dziembowski and Lisa Eckey and Sebastian Faust and Daniel Malinowski},
    title = {Perun: Virtual Payment Hubs over Cryptocurrencies},
    howpublished = {Cryptology ePrint Archive, Report 2017/635},
    year = {2017},
    note = {\url{https://eprint.iacr.org/2017/635}},
}
@article{DBLP:journals/corr/Benet14,
  author    = {Juan Benet},
  title     = {{IPFS} - Content Addressed, Versioned, {P2P} File System},
  journal   = {CoRR},
  volume    = {abs/1407.3561},
  year      = {2014},
  url       = {http://arxiv.org/abs/1407.3561},
  archivePrefix = {arXiv},
  eprint    = {1407.3561},
  timestamp = {Mon, 13 Aug 2018 16:47:09 +0200},
  biburl    = {https://dblp.org/rec/bib/journals/corr/Benet14},
  bibsource = {dblp computer science bibliography, https://dblp.org}
}
@inproceedings{Corbett:2012:SGG:2387880.2387905,
 author = {Corbett, James C. and Dean, Jeffrey and Epstein, Michael and Fikes, Andrew and Frost, Christopher and Furman, J. J. and Ghemawat, Sanjay and Gubarev, Andrey and Heiser, Christopher and Hochschild, Peter and Hsieh, Wilson and Kanthak, Sebastian and Kogan, Eugene and Li, Hongyi and Lloyd, Alexander and Melnik, Sergey and Mwaura, David and Nagle, David and Quinlan, Sean and Rao, Rajesh and Rolig, Lindsay and Saito, Yasushi and Szymaniak, Michal and Taylor, Christopher and Wang, Ruth and Woodford, Dale},
 title = {Spanner: Google's Globally-distributed Database},
 booktitle = {Proceedings of the 10th USENIX Conference on Operating Systems Design and Implementation},
 series = {OSDI'12},
 year = {2012},
 isbn = {978-1-931971-96-6},
 location = {Hollywood, CA, USA},
 pages = {251--264},
 numpages = {14},
 url = {http://dl.acm.org/citation.cfm?id=2387880.2387905},
 acmid = {2387905},
 publisher = {USENIX Association},
 address = {Berkeley, CA, USA},
}

@misc{eth:009,
    author = "{Ethereum Wiki Contributors}",
    title = "Ethereum Sharding Research Compendium",
    year = "2017",
    howpublished = "\url{https://github.com/ethereum/wiki/wiki/Sharding-introduction-R&D-compendium}",
    note = "[Online; accessed 25-August-2018]"
  }
@INPROCEEDINGS{7930224, 
author={X. Xu and I. Weber and M. Staples and L. Zhu and J. Bosch and L. Bass and C. Pautasso and P. Rimba}, 
booktitle={2017 IEEE International Conference on Software Architecture (ICSA)}, 
title={A Taxonomy of Blockchain-Based Systems for Architecture Design}, 
year={2017}, 
volume={}, 
number={}, 
pages={243-252}, 
keywords={software architecture;transactional data sharing;blockchain-based system taxonomy;distributed software architectures;blockchain architectural characteristics;blockchain-based system quality attributes;Online banking;Taxonomy;Peer-to-peer computing;Contracts;Software architecture;Cryptography;Government;Software architecture;Distributed databases}, 
doi={10.1109/ICSA.2017.33}, 
ISSN={}, 
month={April},}


@article{Rivest:1978:MOD:359340.359342,
 author = {Rivest, R. L. and Shamir, A. and Adleman, L.},
 title = {A Method for Obtaining Digital Signatures and Public-key Cryptosystems},
 journal = {Commun. ACM},
 issue_date = {Feb. 1978},
 volume = {21},
 number = {2},
 month = feb,
 year = {1978},
 issn = {0001-0782},
 pages = {120--126},
 numpages = {7},
 url = {http://doi.acm.org/10.1145/359340.359342},
 doi = {10.1145/359340.359342},
 acmid = {359342},
 publisher = {ACM},
 address = {New York, NY, USA},
 keywords = {authentication, cryptography, digital signatures, electronic funds transfer, electronic mail, factorization, message-passing, prime number, privacy, public-key cryptosystems, security},
} 

@book{NIST:2013:FIPS,
  author =       "{National Institute of Standards and Technology}",
  title =        "{FIPS 186-4}: Digital Signature Standard ",
  publisher =    pub-NIST,
  address =      pub-NIST:adr,
  month =        july,
  year =         "2013",
  URL =          "https://csrc.nist.gov/publications/detail/fips/186/4/final",

}
@InProceedings{10.1007/978-3-540-25937-4_24,
author="Rogaway, Phillip
and Shrimpton, Thomas",
editor="Roy, Bimal
and Meier, Willi",
title="Cryptographic Hash-Function Basics: Definitions, Implications, and Separations for Preimage Resistance, Second-Preimage Resistance, and Collision Resistance",
booktitle="Fast Software Encryption",
year="2004",
publisher="Springer Berlin Heidelberg",
address="Berlin, Heidelberg",
pages="371--388",
}
@misc{cryptoeprint:2011:484,
    author = "{Johannes Buchmann, Erik Dahmen, and Andreas Hülsing}",
    title = {XMSS - A Practical Forward Secure Signature Scheme based on Minimal Security Assumptions},
    howpublished = {Cryptology ePrint Archive, Report 2011/484},
    year = {2011},
    note = {\url{https://eprint.iacr.org/2011/484}},
}
@misc{cryptoeprint:2018:274,
    author = {Rachid El Bansarkhani and Rafael Misoczki},
    title = {G-Merkle: A Hash-Based Group Signature Scheme From Standard Assumptions},
    howpublished = {Cryptology ePrint Archive, Report 2018/274},
    year = {2018},
    note = {\url{https://eprint.iacr.org/2018/274}},
}
@phdthesis{Lysyanskaya:2002:SSA:936405,
 author = {Lysyanskaya, Anna A.},
 title = {Signature Schemes and Applications to Cryptographic Protocol Design},
 year = {2002},
 note = {AAI0804606},
 publisher = {Massachusetts Institute of Technology},
 address = {Cambridge, MA, USA},
} 
